% Encoding: UTF-8


@inproceedings{long2015fully,
  title={Fully convolutional networks for semantic segmentation},
  author={Long, Jonathan and Shelhamer, Evan and Darrell, Trevor},
  booktitle={Proceedings of the IEEE conference on computer vision and pattern recognition},
  pages={3431--3440},
  year={2015}
}

@article{simonyan2014very,
  title={Very deep convolutional networks for large-scale image recognition},
  author={Simonyan, Karen and Zisserman, Andrew},
  journal={arXiv preprint arXiv:1409.1556},
  year={2014}
}

@inproceedings{zhao2017pyramid,
  title={Pyramid scene parsing network},
  author={Zhao, Hengshuang and Shi, Jianping and Qi, Xiaojuan and Wang, Xiaogang and Jia, Jiaya},
  booktitle={Proceedings of the IEEE conference on computer vision and pattern recognition},
  pages={2881--2890},
  year={2017}
}

@article{badrinarayanan2017segnet,
  title={Segnet: A deep convolutional encoder-decoder architecture for image segmentation},
  author={Badrinarayanan, Vijay and Kendall, Alex and Cipolla, Roberto},
  journal={IEEE transactions on pattern analysis and machine intelligence},
  volume={39},
  number={12},
  pages={2481--2495},
  year={2017},
  publisher={IEEE}
}

@article{akeret2017radio,
  title={Radio frequency interference mitigation using deep convolutional neural networks},
  author={Akeret, Joel and Chang, Chihway and Lucchi, Aurelien and Refregier, Alexandre},
  journal={Astronomy and Computing},
  volume={18},
  pages={35--39},
  year={2017},
  publisher={Elsevier}
}

@inproceedings{ronneberger2015u,
  title={U-net: Convolutional networks for biomedical image segmentation},
  author={Ronneberger, Olaf and Fischer, Philipp and Brox, Thomas},
  booktitle={International Conference on Medical image computing and computer-assisted intervention},
  pages={234--241},
  year={2015},
  organization={Springer}
}

@article{chen2014semantic,
  title={Semantic image segmentation with deep convolutional nets and fully connected crfs},
  author={Chen, Liang-Chieh and Papandreou, George and Kokkinos, Iasonas and Murphy, Kevin and Yuille, Alan L},
  journal={arXiv preprint arXiv:1412.7062},
  year={2014}
}

@inproceedings{krizhevsky2012imagenet,
  title={Imagenet classification with deep convolutional neural networks},
  author={Krizhevsky, Alex and Sutskever, Ilya and Hinton, Geoffrey E},
  booktitle={Advances in neural information processing systems},
  pages={1097--1105},
  year={2012}
}

@inproceedings{lee2015deeply,
  title={Deeply-supervised nets},
  author={Lee, Chen-Yu and Xie, Saining and Gallagher, Patrick and Zhang, Zhengyou and Tu, Zhuowen},
  booktitle={Artificial Intelligence and Statistics},
  pages={562--570},
  year={2015}
}

@inproceedings{xie2015holistically,
  title={Holistically-nested edge detection},
  author={Xie, Saining and Tu, Zhuowen},
  booktitle={Proceedings of the IEEE international conference on computer vision},
  pages={1395--1403},
  year={2015}
}
@inproceedings{maggiori2017dataset,
  title={Can Semantic Labeling Methods Generalize to Any City? The Inria Aerial Image Labeling Benchmark},
  author={Maggiori, Emmanuel and Tarabalka, Yuliya and Charpiat, Guillaume and Alliez, Pierre},
  booktitle={IEEE International Geoscience and Remote Sensing Symposium (IGARSS)},
  year={2017},
  organization={IEEE}
}
@Comment{jabref-meta: databaseType:bibtex;}
