% Encoding: UTF-8
@inproceedings{ciresan2012deep,
  title={Deep neural networks segment neuronal membranes in electron microscopy images},
  author={Ciresan, Dan and Giusti, Alessandro and Gambardella, Luca M and Schmidhuber, J{\"u}rgen},
  booktitle={Advances in neural information processing systems},
  pages={2843--2851},
  year={2012}
}

@inproceedings{long2015fully,
  title={Fully convolutional networks for semantic segmentation},
  author={Long, Jonathan and Shelhamer, Evan and Darrell, Trevor},
  booktitle={Proceedings of the IEEE conference on computer vision and pattern recognition},
  pages={3431--3440},
  year={2015}
}

@article{simonyan2014very,
  title={Very deep convolutional networks for large-scale image recognition},
  author={Simonyan, Karen and Zisserman, Andrew},
  journal={arXiv preprint arXiv:1409.1556},
  year={2014}
}

@inproceedings{zhao2017pyramid,
  title={Pyramid scene parsing network},
  author={Zhao, Hengshuang and Shi, Jianping and Qi, Xiaojuan and Wang, Xiaogang and Jia, Jiaya},
  booktitle={Proceedings of the IEEE conference on computer vision and pattern recognition},
  pages={2881--2890},
  year={2017}
}

@article{badrinarayanan2017segnet,
  title={Segnet: A deep convolutional encoder-decoder architecture for image segmentation},
  author={Badrinarayanan, Vijay and Kendall, Alex and Cipolla, Roberto},
  journal={IEEE transactions on pattern analysis and machine intelligence},
  volume={39},
  number={12},
  pages={2481--2495},
  year={2017},
  publisher={IEEE}
}

@article{akeret2017radio,
  title={Radio frequency interference mitigation using deep convolutional neural networks},
  author={Akeret, Joel and Chang, Chihway and Lucchi, Aurelien and Refregier, Alexandre},
  journal={Astronomy and Computing},
  volume={18},
  pages={35--39},
  year={2017},
  publisher={Elsevier}
}

@inproceedings{ronneberger2015u,
  title={U-net: Convolutional networks for biomedical image segmentation},
  author={Ronneberger, Olaf and Fischer, Philipp and Brox, Thomas},
  booktitle={International Conference on Medical image computing and computer-assisted intervention},
  pages={234--241},
  year={2015},
  organization={Springer}
}

@article{chen2014semantic,
  title={Semantic image segmentation with deep convolutional nets and fully connected crfs},
  author={Chen, Liang-Chieh and Papandreou, George and Kokkinos, Iasonas and Murphy, Kevin and Yuille, Alan L},
  journal={arXiv preprint arXiv:1412.7062},
  year={2014}
}

@inproceedings{krizhevsky2012imagenet,
  title={Imagenet classification with deep convolutional neural networks},
  author={Krizhevsky, Alex and Sutskever, Ilya and Hinton, Geoffrey E},
  booktitle={Advances in neural information processing systems},
  pages={1097--1105},
  year={2012}
}

@inproceedings{lee2015deeply,
  title={Deeply-supervised nets},
  author={Lee, Chen-Yu and Xie, Saining and Gallagher, Patrick and Zhang, Zhengyou and Tu, Zhuowen},
  booktitle={Artificial Intelligence and Statistics},
  pages={562--570},
  year={2015}
}

@inproceedings{xie2015holistically,
  title={Holistically-nested edge detection},
  author={Xie, Saining and Tu, Zhuowen},
  booktitle={Proceedings of the IEEE international conference on computer vision},
  pages={1395--1403},
  year={2015}
}
@inproceedings{maggiori2017dataset,
  title={Can Semantic Labeling Methods Generalize to Any City? The Inria Aerial Image Labeling Benchmark},
  author={Maggiori, Emmanuel and Tarabalka, Yuliya and Charpiat, Guillaume and Alliez, Pierre},
  booktitle={IEEE International Geoscience and Remote Sensing Symposium (IGARSS)},
  year={2017},
  organization={IEEE}
}

@inproceedings{glorot2010understanding,
  title={Understanding the difficulty of training deep feedforward neural networks},
  author={Glorot, Xavier and Bengio, Yoshua},
  booktitle={Proceedings of the thirteenth international conference on artificial intelligence and statistics},
  pages={249--256},
  year={2010}
}

@inproceedings{he2015delving,
  title={Delving deep into rectifiers: Surpassing human-level performance on imagenet classification},
  author={He, Kaiming and Zhang, Xiangyu and Ren, Shaoqing and Sun, Jian},
  booktitle={Proceedings of the IEEE international conference on computer vision},
  pages={1026--1034},
  year={2015}
}
@inproceedings{chandra2016fast,
  title={Fast, exact and multi-scale inference for semantic image segmentation with deep gaussian crfs},
  author={Chandra, Siddhartha and Kokkinos, Iasonas},
  booktitle={European Conference on Computer Vision},
  pages={402--418},
  year={2016},
  organization={Springer}
}
@inproceedings{lin2017focal,
  title={Focal loss for dense object detection},
  author={Lin, Tsung-Yi and Goyal, Priya and Girshick, Ross and He, Kaiming and Doll{\'a}r, Piotr},
  booktitle={Proceedings of the IEEE international conference on computer vision},
  pages={2980--2988},
  year={2017}
}

@article{mitra2004segmentation,
  title={Segmentation of multispectral remote sensing images using active support vector machines},
  author={Mitra, Pabitra and Shankar, B Uma and Pal, Sankar K},
  journal={Pattern recognition letters},
  volume={25},
  number={9},
  pages={1067--1074},
  year={2004},
  publisher={Elsevier}
}

@article{su2014optimized,
  title={Optimized hyperspectral band selection using particle swarm optimization},
  author={Su, Hongjun and Du, Qian and Chen, Genshe and Du, Peijun},
  journal={IEEE Journal of Selected Topics in Applied Earth Observations and Remote Sensing},
  volume={7},
  number={6},
  pages={2659--2670},
  year={2014},
  publisher={IEEE}
}

@article{marmanis2018classification,
  title={Classification with an edge: Improving semantic image segmentation with boundary detection},
  author={Marmanis, Dimitrios and Schindler, Konrad and Wegner, Jan Dirk and Galliani, Silvano and Datcu, Mihai and Stilla, Uwe},
  journal={ISPRS Journal of Photogrammetry and Remote Sensing},
  volume={135},
  pages={158--172},
  year={2018},
  publisher={Elsevier}
}

@book{mnih2013machine,
  title={Machine learning for aerial image labeling},
  author={Mnih, Volodymyr},
  year={2013},
  publisher={University of Toronto (Canada)}
}

@article{otsu1979threshold,
  title={A threshold selection method from gray-level histograms},
  author={Otsu, Nobuyuki},
  journal={IEEE transactions on systems, man, and cybernetics},
  volume={9},
  number={1},
  pages={62--66},
  year={1979},
  publisher={IEEE}
}

@article{shi2000normalized,
  title={Normalized cuts and image segmentation},
  author={Shi, Jianbo and Malik, Jitendra},
  journal={Departmental Papers (CIS)},
  pages={107},
  year={2000}
}

@article{vincent1991watersheds,
  title={Watersheds in digital spaces: an efficient algorithm based on immersion simulations},
  author={Vincent, Luc and Soille, Pierre},
  journal={IEEE Transactions on Pattern Analysis \& Machine Intelligence},
  number={6},
  pages={583--598},
  year={1991},
  publisher={IEEE}
}


@phdthesis{左童春2017基于高分辨率,
  title={基于高分辨率可见光遥感图像的建筑物提取技术研究},
  author={左童春},
  year={2017},
  school={中国科学技术大学}
}

@article{党宇2017基于深度学习,
  title={基于深度学习 AlexNet 的遥感影像地表覆盖分类评价研究},
  author={党宇 and 张继贤 and 邓喀中 and 赵有松 and 余凡 and others},
  journal={地球信息科学学报},
  volume={19},
  number={11},
  pages={1530--1537},
  year={2017},
  publisher={中国科学院地理科学与资源研究所}
}

@phdthesis{罗亚2005基于遥感影像的植被指数研究方法述评,
  title={基于遥感影像的植被指数研究方法述评},
  author={罗亚},
  year={2005}
}

@phdthesis{徐涵秋2005利用改进的归一化差异水体指数,
  title={利用改进的归一化差异水体指数 (MNDWI) 提取水体信息的研究},
  author={徐涵秋},
  year={2005}
}

@article{肖鹏峰2007基于相位一致的高分辨率遥感图像分割方法,
  title={基于相位一致的高分辨率遥感图像分割方法},
  author={肖鹏峰 and 冯学智 and 赵书河 and 佘江峰},
  journal={测绘学报},
  volume={36},
  number={2},
  pages={146},
  year={2007}
}

@article{张永宏2018基于全卷积神经网络的多源高分辨率遥感道路提取,
  title={基于全卷积神经网络的多源高分辨率遥感道路提取},
  author={张永宏 and 夏广浩 and 阚希 and 何静 and 葛涛涛 and 王剑庚},
  journal={计算机应用},
  pages={0--0},
  year={2018}
}

@inproceedings{ray1999determination,
  title={Determination of number of clusters in k-means clustering and application in colour image segmentation},
  author={Ray, Siddheswar and Turi, Rose H},
  booktitle={Proceedings of the 4th international conference on advances in pattern recognition and digital techniques},
  pages={137--143},
  year={1999},
  organization={Calcutta, India}
}

@inproceedings{zelnik2005self,
  title={Self-tuning spectral clustering},
  author={Zelnik-Manor, Lihi and Perona, Pietro},
  booktitle={Advances in neural information processing systems},
  pages={1601--1608},
  year={2005}
}

@article{lankton2008localizing,
  title={Localizing region-based active contours},
  author={Lankton, Shawn and Tannenbaum, Allen},
  journal={IEEE transactions on image processing},
  volume={17},
  number={11},
  pages={2029--2039},
  year={2008},
  publisher={IEEE}
}

@article{ioffe2015batch,
  title={Batch normalization: Accelerating deep network training by reducing internal covariate shift},
  author={Ioffe, Sergey and Szegedy, Christian},
  journal={arXiv preprint arXiv:1502.03167},
  year={2015}
}
@Comment{jabref-meta: databaseType:bibtex;}
